


  <record>
    <leader>00000cam a2200000 i 4500</leader>
    <controlfield tag="001">CC000012</controlfield>
    <controlfield tag="003">CHOMP</controlfield>
    <controlfield tag="005">20260112223258.0</controlfield>
    <controlfield tag="008">930601s1678    xx            000 0 eng  </controlfield>
    <datafield tag="020" ind1=" " ind2=" ">
      <subfield code="a">978-CMP-1678-12-H</subfield>
      <subfield code="q">chomp codex identifier</subfield>
    </datafield>
    <datafield tag="100" ind1="1" ind2=" ">
      <subfield code="a">Holtby, Margaret</subfield>
      <subfield code="e">author</subfield>
    </datafield>
    <datafield tag="245" ind1="1" ind2="0">
      <subfield code="a">Plain cakes for plain days</subfield>
    </datafield>
    <datafield tag="264" ind1=" " ind2="1">
      <subfield code="c">1678.</subfield>
    </datafield>
    <datafield tag="300" ind1=" " ind2=" ">
      <subfield code="a">1 volume</subfield>
    </datafield>
    <datafield tag="490" ind1="1" ind2=" ">
      <subfield code="a">Hearth &amp; Hand</subfield>
    </datafield>
    <datafield tag="500" ind1=" " ind2=" ">
      <subfield code="a">Recipe: Milk biscuits.</subfield>
    </datafield>
    <datafield tag="520" ind1=" " ind2=" ">
      <subfield code="a">Advocates restraint, regularity, and moral simplicity in daily baking.</subfield>
    </datafield>

    <datafield tag="650" ind1=" " ind2="0">
      <subfield code="a">Cookies—History</subfield>
    </datafield>
    <datafield tag="650" ind1=" " ind2="0">
      <subfield code="a">Cooking, Domestic</subfield>
    </datafield>
    <datafield tag="650" ind1=" " ind2="0">
      <subfield code="a">Housekeeping—History</subfield>
    </datafield>
    <datafield tag="852" ind1=" " ind2=" ">
      <subfield code="a">CHOMP</subfield>
      <subfield code="h">CC.BAKE.EAR</subfield>
      <subfield code="i">Hol</subfield>
    </datafield>
    <datafield tag="830" ind1=" " ind2="0">
      <subfield code="a">Hearth &amp; Hand</subfield>
    </datafield>
  </record>