


  <record>
    <leader>00000cam a2200000 i 4500</leader>
    <controlfield tag="001">CC000017</controlfield>
    <controlfield tag="003">CHOMP</controlfield>
    <controlfield tag="005">20260112223258.0</controlfield>
    <controlfield tag="008">930601s1816    xx            000 0 eng  </controlfield>
    <datafield tag="020" ind1=" " ind2=" ">
      <subfield code="a">978-CMP-1816-17-H</subfield>
      <subfield code="q">chomp codex identifier</subfield>
    </datafield>
    <datafield tag="100" ind1="1" ind2=" ">
      <subfield code="a">Whitcombe, Eleanor</subfield>
      <subfield code="e">author</subfield>
    </datafield>
    <datafield tag="245" ind1="1" ind2="0">
      <subfield code="a">The practical housewife’s shelf</subfield>
    </datafield>
    <datafield tag="264" ind1=" " ind2="1">
      <subfield code="c">1816.</subfield>
    </datafield>
    <datafield tag="300" ind1=" " ind2=" ">
      <subfield code="a">1 volume</subfield>
    </datafield>
    <datafield tag="490" ind1="1" ind2=" ">
      <subfield code="a">Domestic Rationalists</subfield>
    </datafield>
    <datafield tag="500" ind1=" " ind2=" ">
      <subfield code="a">Recipe: Drop butter cookies.</subfield>
    </datafield>
    <datafield tag="520" ind1=" " ind2=" ">
      <subfield code="a">Translates rational method into everyday use, emphasizing respectability and efficient practice.</subfield>
    </datafield>

    <datafield tag="650" ind1=" " ind2="0">
      <subfield code="a">Cooking—Methodology</subfield>
    </datafield>
    <datafield tag="650" ind1=" " ind2="0">
      <subfield code="a">Housekeeping—Management</subfield>
    </datafield>
    <datafield tag="650" ind1=" " ind2="0">
      <subfield code="a">Rationalism—Domestic aspects</subfield>
    </datafield>
    <datafield tag="852" ind1=" " ind2=" ">
      <subfield code="a">CHOMP</subfield>
      <subfield code="h">CC.BAKE.MOD</subfield>
      <subfield code="i">Whi</subfield>
    </datafield>
    <datafield tag="830" ind1=" " ind2="0">
      <subfield code="a">Domestic Rationalists</subfield>
    </datafield>
  </record>