


  <record>
    <leader>00000cam a2200000 i 4500</leader>
    <controlfield tag="001">CC000027</controlfield>
    <controlfield tag="003">CHOMP</controlfield>
    <controlfield tag="005">20260112223258.0</controlfield>
    <controlfield tag="008">930601s1918    xx            000 0 eng  </controlfield>
    <datafield tag="020" ind1=" " ind2=" ">
      <subfield code="a">978-CMP-1918-27-H</subfield>
      <subfield code="q">chomp codex identifier</subfield>
    </datafield>
    <datafield tag="100" ind1="1" ind2=" ">
      <subfield code="a">Reeves, Milton</subfield>
      <subfield code="e">author</subfield>
    </datafield>
    <datafield tag="245" ind1="1" ind2="0">
      <subfield code="a">Baking under constraints</subfield>
    </datafield>
    <datafield tag="264" ind1=" " ind2="1">
      <subfield code="c">1918.</subfield>
    </datafield>
    <datafield tag="300" ind1=" " ind2=" ">
      <subfield code="a">1 volume</subfield>
    </datafield>
    <datafield tag="490" ind1="1" ind2=" ">
      <subfield code="a">Systems &amp; Methods</subfield>
    </datafield>
    <datafield tag="500" ind1=" " ind2=" ">
      <subfield code="a">Recipe: War-era cookies.</subfield>
    </datafield>
    <datafield tag="520" ind1=" " ind2=" ">
      <subfield code="a">Written under rationing conditions, emphasizing substitution and morale.</subfield>
    </datafield>

    <datafield tag="650" ind1=" " ind2="0">
      <subfield code="a">Baking—Standardization</subfield>
    </datafield>
    <datafield tag="650" ind1=" " ind2="0">
      <subfield code="a">Cooking—Systems</subfield>
    </datafield>
    <datafield tag="650" ind1=" " ind2="0">
      <subfield code="a">Efficiency—Domestic aspects</subfield>
    </datafield>
    <datafield tag="852" ind1=" " ind2=" ">
      <subfield code="a">CHOMP</subfield>
      <subfield code="h">CC.BAKE.SYS</subfield>
      <subfield code="i">Ree</subfield>
    </datafield>
    <datafield tag="830" ind1=" " ind2="0">
      <subfield code="a">Systems &amp; Methods</subfield>
    </datafield>
  </record>